@inproceedings{conf/eurogp/PoliG09,
  added-at = {2009-04-16T00:00:00.000+0200},
  author = {Poli, Riccardo and Graff, Mario},
  biburl = {http://www.bibsonomy.org/bibtex/227c14f7769a6d6082582d2ef56926d98/dblp},
  booktitle = {EuroGP},
  crossref = {conf/eurogp/2009},
  date = {2009-04-16},
  description = {dblp},
  editor = {Vanneschi, Leonardo and Gustafson, Steven and Moraglio, Alberto and Falco, Ivanoe De and Ebner, Marc},
  ee = {http://dx.doi.org/10.1007/978-3-642-01181-8_17},
  interhash = {8249bbd2c3b3e39c8a2b4c306c790e35},
  intrahash = {27c14f7769a6d6082582d2ef56926d98},
  isbn = {978-3-642-01180-1},
  keywords = {dblp},
  pages = {195-207},
  publisher = {Springer},
  series = {Lecture Notes in Computer Science},
  timestamp = {2009-04-16T00:00:00.000+0200},
  title = {There Is a Free Lunch for Hyper-Heuristics, Genetic Programming and Computer Scientists.},
  url = {http://dblp.uni-trier.de/db/conf/eurogp/eurogp2009.html#PoliG09},
  volume = 5481,
  year = 2009
}


@inproceedings{Garey:1974:SNP:800119.803884,
 author = {Garey, M. R. and Johnson, D. S. and Stockmeyer, L.},
 title = {Some Simplified NP-complete Problems},
 booktitle = {Proceedings of the Sixth Annual ACM Symposium on Theory of Computing},
 series = {STOC '74},
 year = {1974},
 location = {Seattle, Washington, USA},
 pages = {47--63},
 numpages = {17},
 url = {http://doi.acm.org/10.1145/800119.803884},
 doi = {10.1145/800119.803884},
 acmid = {803884},
 publisher = {ACM},
 address = {New York, NY, USA},
} 

