@manual{oetiket2007lshort,
    author = {Oetiket, T. and Partl, H. and Hyna and Schlegl, E.},
    title = {The not-so-short introduction to Latex},
    url = {http://www.ctan.org/tex-archive/info/lshort/english/lshort.pdf}
}

@Manual{downes2002shortams,
  title = 	 {{Short Math Guide for \LaTeX{}}},
  author = 	 {Downes,, Michael},
  organization = {American Mathematical Society},
  year = 	 {2002},
  url = 	 {ftp://ftp.ams.org/pub/tex/doc/amsmath/short-math-guide.pdf}
}

@Book{ungar2002uvod,
  author = 	 {Šime Ungar},
  title = 	 {{Uvod u \TeX{} s naglaskom na \LaTeX 2$\epsilon$}},
  publisher = 	 {Odjel za matematiku, Sveučilište J.J.\ Strossmayera u Osijeku},
  year = 	 {2002}
}

@inproceedings{Garey:1974:SNP:800119.803884,
 author = {Garey, M. R. and Johnson, D. S. and Stockmeyer, L.},
 title = {Some Simplified NP-complete Problems},
 booktitle = {Proceedings of the Sixth Annual ACM Symposium on Theory of Computing},
 series = {STOC '74},
 year = {1974},
 location = {Seattle, Washington, USA},
 pages = {47--63},
 numpages = {17},
 url = {http://doi.acm.org/10.1145/800119.803884},
 doi = {10.1145/800119.803884},
 acmid = {803884},
 publisher = {ACM},
 address = {New York, NY, USA},
} 

